@inproceedings{bib:fabric,
  author = {Seredyński, Dawid and Winiarski, Tomasz and Zieliński, Cezary},
  title = {{FABRIC: Framework for Agent-Based Robot Control Systems}},
  booktitle = {12th International Workshop on Robot Motion and Control (RoMoCo)},
  year = {2019},
  editor = {K.~Kozłowski},
  pages = {215--222},
  organization = {IEEE},
  conference = {romoco12},
  doi = {10.1109/RoMoCo.2019.8787370},
  grant = {aal-incare},
  twiki = {article},
  url = {http://robotyka.ia.pw.edu.pl/svn/rcprg_pubs/2019/fabric.pdf}
}
@inproceedings{Seredynski-fabric-romoco-2019-twiki,
	author = {Seredyński, Dawid and Winiarski, Tomasz and Zieliński, Cezary},
	title = {{FABRIC: Framework for Agent-Based Robot Control Systems}},
	booktitle = {12th International Workshop on Robot Motion and Control (RoMoCo)},
	year = {2019},
	editor = {K.~Kozłowski},
	pages = {215--222},
	organization = {IEEE},
	conference = {romoco12},
	doi = {10.1109/RoMoCo.2019.8787370},
	grant = {aal-incare},
	twiki = {article},
	url = {http://robotyka.ia.pw.edu.pl/svn/rcprg_pubs/2019/fabric.pdf}
}

@inproceedings{bib:horn,
  author = {Horn, Berthold and Hilden, Hugh and Negahdaripour, Shahriar},
  title = {{Closed-Form Solution of Absolute Orientation Using Orthonormal Matrices.}},
  url = {http://graphics.stanford.edu/~smr/ICP/comparison/horn-hilden-orientation-josa88.pdf}
}


@inproceedings{bib:lpcExp,
  author = {Seredyński, Dawid and Winiarski, Tomasz and Zieliński, Cezary},
  title = {{An Implicit Time-Stepping Scheme for Rigid Body Dynamics with Coulomb Friction}},
  booktitle = {International Journal for Numerical Methods in Engineering},
  year = {1996},
  url = {https://onlinelibrary.wiley.com/doi/abs/10.1002/%28SICI%291097-0207%2819960815%2939%3A15%3C2673%3A%3AAID-NME972%3E3.0.CO%3B2-I}
}
@inproceedings{bib:lpcBase,
  author = {Tan, Jie and Siu, Kristin and Liu, Karen },
  title = {{Contact Handling for Articulated Rigid Bodies Using LCP}}
}


@inproceedings{bib:ape,
author={J. {Sturm} and N. {Engelhard} and F. {Endres} and W. {Burgard} and D. {Cremers}},
booktitle={2012 IEEE/RSJ International Conference on Intelligent Robots and Systems},
title={A benchmark for the evaluation of RGB-D SLAM systems},
year={2012},
volume={},
number={},
pages={573-580},
doi={10.1109/IROS.2012.6385773},
ISSN={2153-0866},
month={Oct},}

@inproceedings{bib:kuka,
  author = {Bischoff1, Rainer and Kurth, Johannes and Schreiber, Günter and  Koeppe, Ralf and AlbuSchäffer, Alin and Beyer, Alexander and  Eiberger, Oliver and Haddadin, Sami and Stemmer, Andreas and Grunwald, Gerhard  and Hirzinger, Gerhard},
  title = {{The KUKA-DLR Lightweight Robot arm – a new reference platform for robotics research and manufacturing}},
  organization = {IEEE}
}

@inproceedings{bib:koncowka,
  author = {De Sapio, Vincent and Khatib, Oussama and Delp, Scott},
  title = {{Task-level approaches for the control of constrained multibody systems}},
  booktitle = {Multibody System Dynamics, Volume 16},
  year = {2006},
  pages = {73–102},
  organization = {IEEE},
  url = {https://link.springer.com/article/10.1007/s11044-006-9017-3}
}

@inproceedings{bib:pidMimo,
  author = {Wang QG., Nie ZY.},
  title = {{PID Control for MIMO Processes}},
  booktitle = {PID Control in the Third Millennium. Advances in Industrial Control.},
  year = {2012},
  editor = {Vilanova R., Visioli A.},
  pages = {177-204},
  organization = {IEEE},
  twiki = {article},
}

@inproceedings{bib:pidTito,
	author = {Saeed, Tavakoli and Ian, Griffin and Peter J.Fleming},
	booktitle = {Control Engineering Practice},
	title = {Tuning of decentralised PI (PID) controllers for TITO processes},
	year = {2006},
	pages = {1069-1080},
	organization = {IEEE},
	url = {https://www.sciencedirect.com/science/article/abs/pii/S0967066105001711?via%3Dihub},
}

@inproceedings{bib:agent1,
  author = {Zieliński, Cezary},
  title = {Zastosowanie agentów upostaciowionych do projektowania systemów robotycznych},
  booktitle = {Automatyka, robotyka i przetwarzanie informacji},
  editor = {P. Kulczycki, J. Korbicz, J. Kacprzyk},
  publisher = {Wydawnictwo Naukowe PWN},
  year = {2019},
  note = {Zielinski}
}

@article{bib:agent2,
  author = {Zieliński, Cezary},
  booktitle = {XV Krajowa Konferencja Robotyki - Postępy robotyki},
  title = {Architektury systemów robotycznych tworzone z agentów upostaciowionych},
  year = {2018},
  editor = {Tchoń, Krzysztof and Zieliński, Cezary},
  volume = {196},
  series = {Prace Naukowe – Elektronika},
  pages = {379-394},
  publisher = {Oficyna Wydawnicza Politechniki Warszawskiej},
  conference = {kkr18},
  lang = {pl},
  location = {Polanica Zdrój, 5--9 September 2018},
  twiki = {inbook},
  note = {Robotic System Architectures Based on Embodied Agents (in Polish) - Zielinski}
}

@inproceedings{bib:rqtAgent,
  author = {Winiarski, Tomasz and Seredyński, Dawid},
  title = {{Wizualizacja sterowników robotów bazujących na teorii agenta upostaciowionego}},
  booktitle = {XV Krajowa Konferencja Robotyki -- Postępy robotyki},
  year = {2018},
  volume = {1},
  pages = {417--426},
  conference = {kkr15},
  lang = {pl},
  twiki = {inbook},
  url = {http://robotyka.ia.pw.edu.pl/svn/rcprg_pubs/2018/wizualizacja-agenta-kkr15.pdf}
}

@inproceedings{bib:velmaPot,
  author = {Seredyński, Dawid and Banachowicz, Konrad and Winiarski, Tomasz},
  booktitle = {21th IEEE International Conference on Methods and Models in Automation and Robotics, MMAR'2016},
  title = {{Graph–based potential field for the end–effector control within the torque–based task hierarchy}},
  year = {2016},
  pages = {645--650},
  publisher = {IEEE},
  doi = {10.1109/MMAR.2016.7575212},
  url = {http://robotyka.ia.pw.edu.pl/svn/rcprg_pubs/2016/mmar_seredynski_graph.pdf},
  grant = {GrantNCNSonata3},
  twiki = {article},
  video = {https://vimeo.com/139385788}
}

@inproceedings{bib:velmaKorp,
  author = {Winiarski, Tomasz and Banachowicz, Konrad},
  booktitle = {XIII Krajowa Konferencja Robotyki -- Postępy robotyki},
  title = {{Sterowanie redundantnym systemem dwuramiennym z aktywnym korpusem}},
  year = {2014},
  volume = {2},
  pages = {433--442},
  url = {http://robotyka.ia.pw.edu.pl/svn/rcprg_pubs/2014/sterowanie-systemem-dwuramiennym-kkr13.pdf},
  conference = {kkr13},
  grant = {GrantNCNSonata3},
  lang = {pl},
  twiki = {inbook}
}

@inproceedings{bib:velmaLeb,
  author = {Stefańczyk, Maciej and Walęcki, Michał and Banachowicz, Konrad and Winiarski, Tomasz},
  booktitle = {XIII Krajowa Konferencja Robotyki -- Postępy robotyki},
  title = {{Robot usługowy Velma -- projekt i konstrukcja głowy}},
  year = {2014},
  volume = {2},
  pages = {451--460},
  url = {http://robotyka.ia.pw.edu.pl/svn/rcprg_pubs/2014/velma-glowa-kkr13.pdf},
  conference = {kkr13},
  grant = {GrantNCNSonata3},
  lang = {pl},
  twiki = {inbook}
}

@inproceedings{velma,
  author = {Winiarski, Tomasz and Banachowicz, Konrad and Seredyński, Dawid},
  booktitle = {Progress in Automation, Robotics and Measuring Techniques. Vol. 2 Robotics.},
  title = {{Two mode impedance control of Velma service robot redundant arm}},
  year = {2015},
  editor = {Szewczyk, Roman and Zieliński, Cezary and Kaliczyńska, Małgorzata},
  volume = {351},
  series = {Advances in Intelligent Systems and Computing (AISC)},
  pages = {319--328},
  publisher = {Springer},
  doi = {10.1007/978-3-319-15847-1_31},
  url = {http://robotyka.ia.pw.edu.pl/svn/rcprg_pubs/2014/14-velma-two-mode-aut.pdf},
  grant = {GrantNCNSonata3},
  twiki = {inbook}
}

@misc{bib:ROS,
	title={Oficjalna strona systemu {ROS}},
	note={\url{http://www.ros.org/}}
}

@misc{bib:Gazebo,
	title={Oficjalna strona Gazebo},
	note={\url{http://www.gazebosim.org/}}
}

@misc{bib:Orocos,
	title={Oficjalna strona systemu Orocos},
	note={\url{http://orocos.org/}}
}


@misc{bib:robotyka,
	title={{O}ficjalna strona {Z}akładu {P}rogramowania {R}obotów i {S}ystemów {R}ozpoznających},
	note={\url{https://www.robotyka.ia.pw.edu.pl/}}
}

@misc{bib:kukaPage,
	title={KUKA LWR4+ Datasheet},
	note={\url{https://www.kukakore.com/wp-content/uploads/2012/07/KUKA_LBR4plus_ENLISCH.pdf}}
}

@misc{bib:dart,
	title={Oficjalna strona projektu DART},
	note={\url{https://dartsim.github.io/}}
}

@misc{bib:evaluate_ape,
	title={Useful tools for the RGB-D benchmark},
	note={\url{https://vision.in.tum.de/data/datasets/rgbd-dataset/tools}}
}


@misc{wiki:Impedance_control,
   author = "Wikipedia",
   title = "{Impedance control} --- {W}ikipedia{,} The Free Encyclopedia",
   year = "2019",
   howpublished = {\url{http://en.wikipedia.org/w/index.php?title=Impedance\%20control&oldid=904943924}},
   note = "[Online; accessed 05-September-2019]"
 }

 @inproceedings{bib:impedance,
author={P. {Song} and Y. {Yu} and X. {Zhang}},
booktitle={2017 2nd International Conference on Cybernetics, Robotics and Control (CRC)},
title={Impedance Control of Robots: An Overview},
year={2017},
volume={},
number={},
pages={51-55},
keywords={human-robot interaction;mobile robots;position control;robotics;uncertain environment;mechanical interaction;robots impedance control;Impedance;Force;Control systems;Manipulator dynamics;Task analysis;Hardware;impedance control;force control;robotic manipulation;human-robot interaction;rehabilitation robot},
doi={10.1109/CRC.2017.20},
ISSN={},
month={July},}

@INPROCEEDINGS{bib:gravity1,
author={N. Ulrich and V. Kumar},
booktitle={Proceedings. 1991 IEEE International Conference on Robotics and Automation},
title={Passive mechanical gravity compensation for robot manipulators},
year={1991},
volume={},
number={},
pages={1536-1541 vol.2},
keywords={compensation;gravity;mechanical variables control;robots;passive mechanical gravity compensation;robot;manipulators;link motion;strain energy storage;spring;efficiency;accuracy;robustness;dynamic loading;Gravity;Robots;Manipulators;Cables;Pulleys;Potential energy;Capacitive sensors;Energy storage;Springs;Acceleration},
doi={10.1109/ROBOT.1991.131834},
ISSN={},
month={April},}




@misc{bib:barrett,
  title = {{Barrett Hand}},
  howpublished = "\url{https://robots.ros.org/barrett-hand/}",
  note = "[Dostęp: 21 stycznia 2019 r.]"
}

@misc{bib:velma2,
  title = {{Documentation of control system of WUT Velma Robot}},
  howpublished = "\url{https://rcprg-ros-pkg.github.io/velma_docs/}",
  note = "[Dostęp: 21 stycznia 2019 r.]"
}


@misc{bib:impedance,
  title = {{On the Passivity Based Impedance Control of Flexible Joint Robots}},
  author = {Christian Ott, Alin Albu-Schaffer, Andreas Kugi, Gerd Hirzinger},
  howpublished = "\url{https://ieeexplore.ieee.org/document/4451347}",
  note = "[Dostęp: 21 stycznia 2019 r.]"
}


@misc{bib:gravity2,
  title = {{PD control with on-line gravity compensation for robots with elastic joints: Theory and experiments}},
  author = {Alessandro De Luca, BrunoSiciliano, Loredana Zollo},
  howpublished = "\url{https://www.sciencedirect.com/science/article/pii/S000510980500186X?via%3Dihub}",
  note = "[Dostęp: 21 stycznia 2019 r.]"
}


@inproceedings{Zielinski:2014_kkr_relacje-twiki,
	author = {Zieliński, Cezary and Kornuta, Tomasz},
	booktitle = {XIII Krajowa Konferencja Robotyki -- Postępy robotyki},
	title = {{Ontologia na potrzeby sterowania robotem usługowym}},
	year = {2014},
	editor = {Tchoń, K. and Zieliński, Cezary},
	volume = {194},
	number = {1},
	pages = {493-502},
	url = {https://robotyka.ia.pw.edu.pl/svn/rcprg_pubs/2014/2014_kkr_obiekty-relacje.pdf},
	conference = {kkr13},
	grant = {GrantRobREx},
	lang = {pl},
	owner = {tkornuta},
	timestamp = {2014.02.11},
	twiki = {inbook},
	zadanie = {pw11},
	note = {Ontology for the purpose of control of a service robot - Zielinski}
}


@INPROCEEDINGS{bib:rozw_opt1, 
	author={K. {Parsa} and J. {Angeles} and A. K. {Misra}}, 
	booktitle={Proceedings 2001 ICRA. IEEE International Conference on Robotics and Automation (Cat. No.01CH37164)}, 
	title={Pose-and-twist estimation of a rigid body using accelerometers}, 
	year={2001}, 
	volume={3}, 
	number={}, 
	pages={2873-2878 vol.3}, 
	keywords={accelerometers;matrix algebra;robot kinematics;angular velocity;Runge-Kutta methods;position measurement;pose-and-twist estimation;rigid body;accelerometers;redundancy;accelerometer noise;angular velocity;pickup points;body frame;installation error;pose-measurement sensor;Accelerometers;Robotics and automation;Acceleration;Manipulators;Sensor fusion;Kinematics;Real time systems;Mobile robots;Vibration measurement;Intelligent robots}, 
	doi={10.1109/ROBOT.2001.933057}, 
	ISSN={1050-4729}, 
	month={May},}

@inproceedings{bib:rozw_opt2,
	title={Direct estimation of rigid body properties from harmonic forced responses},
	author={Huang, SJ and Lallement, G},
	booktitle={PROCEEDINGS-SPIE THE INTERNATIONAL SOCIETY FOR OPTICAL ENGINEERING},
	pages={175--180},
	year={1997},
	organization={SPIE INTERNATIONAL SOCIETY FOR OPTICAL}
}


@article{bib:rozw_pid1,
	title={Hybrid impedance/position control of a free-flying space robot for detumbling a noncooperative satellite},
	author={Uyama, N and Narumi, T},
	journal={IFAC-PapersOnLine},
	volume={49},
	number={17},
	pages={230--235},
	year={2016},
	publisher={Elsevier}
}

@misc{wiki:PID_controller,
	author = "Wikipedia",
	title = "{PID controller} --- {W}ikipedia{,} The Free Encyclopedia",
	year = "2019",
	howpublished = {\url{http://en.wikipedia.org/w/index.php?title=PID\%20controller&oldid=913750967}},
	note = "[Online; accessed 11-September-2019]"
}
